<record><leader>00000cas a2200000 a 4500</leader><controlfield tag="001">35046438</controlfield><controlfield tag="008">960709d1uuu1949miuwr ne      0    0eng c</controlfield><datafield ind1=" " ind2=" " tag="010"><subfield code="a">sn 96076812 </subfield></datafield><datafield ind1=" " ind2=" " tag="040"><subfield code="a">MHN</subfield><subfield code="b">eng</subfield><subfield code="c">MHN</subfield><subfield code="d">OCL</subfield><subfield code="d">MHN</subfield><subfield code="d">OCLCQ</subfield><subfield code="d">OCLCF</subfield><subfield code="d">OCLCO</subfield></datafield><datafield ind1="1" ind2=" " tag="029"><subfield code="a">AU@</subfield><subfield code="b">000012679597</subfield></datafield><datafield ind1=" " ind2=" " tag="042"><subfield code="a">pcc</subfield></datafield><datafield ind1=" " ind2=" " tag="043"><subfield code="a">n-us-mi</subfield></datafield><datafield ind1="0" ind2=" " tag="130"><subfield code="a">Corunna news (Corunna, Mich.)</subfield></datafield><datafield ind1="1" ind2="4" tag="245"><subfield code="a">The Corunna news.</subfield></datafield><datafield ind1=" " ind2=" " tag="260"><subfield code="a">Corunna, Mich. :</subfield><subfield code="b">Louis N. Sheardy</subfield></datafield><datafield ind1=" " ind2=" " tag="300"><subfield code="a">v.</subfield></datafield><datafield ind1=" " ind2=" " tag="310"><subfield code="a">Weekly</subfield></datafield><datafield ind1="0" ind2=" " tag="362"><subfield code="a">-v. 63, no. 35 (Oct. 7, 1948) ; v. 37, no. 63 (Oct. 21, 1948)-</subfield></datafield><datafield ind1="1" ind2=" " tag="362"><subfield code="a">Ceased in 1949.</subfield></datafield><datafield ind1=" " ind2=" " tag="500"><subfield code="a">No volume designation on Oct. 14, 1948 issue. Beginning with Oct. 21, 1948 issue, volume and internal numbering designation inverted.</subfield></datafield><datafield ind1=" " ind2=" " tag="580"><subfield code="a">Formed by the union of: Corunna independent &lt;title uncertain&gt;, and: Corunna journal &lt;title uncertain&gt;.</subfield></datafield><datafield ind1=" " ind2=" " tag="588"><subfield code="a">Description based on: Vol. 50, no. 1 (Jan. 3, 1935).</subfield></datafield><datafield ind1=" " ind2="0" tag="651"><subfield code="a">Corunna (Mich.)</subfield><subfield code="v">Newspapers.</subfield></datafield><datafield ind1=" " ind2="0" tag="651"><subfield code="a">Shiawassee County (Mich.)</subfield><subfield code="v">Newspapers.</subfield></datafield><datafield ind1=" " ind2="7" tag="655"><subfield code="a">Newspapers.</subfield><subfield code="2">fast</subfield><subfield code="0">(OCoLC)fst01423814</subfield></datafield><datafield ind1=" " ind2="7" tag="651"><subfield code="a">Michigan</subfield><subfield code="z">Corunna.</subfield><subfield code="2">fast</subfield><subfield code="0">(OCoLC)fst01209812</subfield></datafield><datafield ind1=" " ind2="7" tag="651"><subfield code="a">Michigan</subfield><subfield code="z">Shiawassee County.</subfield><subfield code="2">fast</subfield><subfield code="0">(OCoLC)fst01214752</subfield></datafield><datafield ind1=" " ind2=" " tag="752"><subfield code="a">United States</subfield><subfield code="b">Michigan</subfield><subfield code="c">Shiawassee</subfield><subfield code="d">Corunna.</subfield></datafield><datafield ind1="1" ind2="4" tag="780"><subfield code="t">Corunna independent</subfield></datafield><datafield ind1="1" ind2="4" tag="780"><subfield code="t">Corunna journal</subfield></datafield><datafield ind1="0" ind2="0" tag="785"><subfield code="t">Shiawassee news</subfield><subfield code="w">(DLC)sn2002062237</subfield><subfield code="w">(OCoLC)49908579</subfield></datafield></record>